@book{goldbarg2012grafos,
  author = {Goldbarg, Marco Cesar and Goldbarg, Elizabeth},
  title = {Grafos: conceitos, algoritmos e aplicações},
  year = {2012},
  publisher = {Elsevier},
  address = {Rio de Janeiro}
}
@book{diestel2017graph,
  author = {Diestel, Reinhard},
  title = {Graph Theory},
  edition = {5th},
  year = {2017}
}

@misc{citiesdataset,
  title = {CITIES - City Distance Datasets},
  howpublished = {Available at: \url{https://people.sc.fsu.edu/~jburkardt/datasets/cities/cities.html}},
  note = {Accessed: 17 December 2023}
}

@misc{antcolonytspvideo,
author = {PontoOtimo},
  title = {Algoritmo Colônia de Formigas - Aplicado Ao Problema do Caixeiro Viajante},
  howpublished = {\url{https://www.youtube.com/watch?v=sDBe6R0axAY}},
  year = {2017}
}
